

@misc{bib01:BA:Online,
	author = {Ashley Ohmann},
	title = {Creating Data Stories with Tableau Public},
	year = {2018},
	howpublished = {Recuperado de: {http://www.allitebooks.com/creating-data-stories-with-tableau-public/}},
	note = {Accedido 07-04-2019}
}
